%% This BibTeX bibliography file was created using BibDesk.
%% http://bibdesk.sourceforge.net/


%% Created for ytshen at 2014-11-03 15:29:35 -0600 


%% Saved with string encoding Unicode (UTF-8) 



@book{peskin_qft,
	Address = {Equations (3.41) and (3.42)},
	Author = {Peskin and Schroeder},
	Date-Added = {2014-10-28 19:31:41 +0000},
	Date-Modified = {2014-10-28 19:59:56 +0000},
	Title = {An Introduction to Quantum Field Theory}}

@url{cms_results,
	Date-Added = {2014-10-28 19:31:20 +0000},
	Date-Modified = {2014-10-28 20:23:21 +0000},
	Title = {https://twiki.cern.ch/twiki/bin/view/CMSPublic/SUSYSMSSummaryPlots8TeV},
	Urldate = {https://twiki.cern.ch/twiki/bin/view/CMSPublic/SUSYSMSSummaryPlots8TeV}}

@url{atlas_results,
	Date-Added = {2014-10-28 19:30:41 +0000},
	Date-Modified = {2014-10-28 20:22:45 +0000},
	Title = {https://twiki.cern.ch/twiki/bin/view/AtlasPublic/SupersymmetryPublicResults},
	Urldate = {https://twiki.cern.ch/twiki/bin/view/AtlasPublic/SupersymmetryPublicResults}}

@article{cms_detector,
	Author = {CMS Collaboration},
	Date-Added = {2014-10-28 19:28:50 +0000},
	Date-Modified = {2014-10-28 19:55:31 +0000},
	Journal = {JINST S08004, doi:10.1088/1748-0221/3/08/S08004},
	Title = {The CMS experiment at the CERN LHC},
	Volume = {3},
	Year = {2008}}

@article{atlas_detector,
	Author = {ATLAS Collaboration},
	Date-Added = {2014-10-28 19:27:05 +0000},
	Date-Modified = {2014-10-28 19:55:16 +0000},
	Journal = {JINST S08003 doi:10.1088/1748-0221/3/08/S08003},
	Title = {The ATLAS Experiment at the CERN Large Hadron Collider},
	Volume = {3},
	Year = {2008}}

@article{O_Raifeartaigh,
	Author = {L. O'Raifeartaigh},
	Date-Added = {2014-10-28 19:26:09 +0000},
	Date-Modified = {2014-10-28 20:11:17 +0000},
	Journal = {Nucl. Phys. B},
	Pages = {331},
	Title = {Spontaneous symmetry breaking for chirals scalar superfields},
	Volume = {96},
	Year = {1975}}

@article{Drees,
	Author = {Manuel Dress},
	Date-Added = {2014-10-28 19:25:25 +0000},
	Date-Modified = {2014-10-28 19:26:00 +0000},
	Journal = {arXiv:hep-ph/9611409v1},
	Month = {Nov},
	Title = {An Introduction to Supersymmetry},
	Year = {1996}}

@article{Peskin,
	Author = {Michael Peskin},
	Date-Added = {2014-10-28 19:24:36 +0000},
	Date-Modified = {2014-10-28 19:25:16 +0000},
	Journal = {arXiv:0801.1928 [hep-ph]},
	Month = {Jan},
	Title = {Supersymmetry in Elementary Particle Physics},
	Year = {2008}}

@article{Martin,
	Author = {Stephen Martin},
	Date-Added = {2014-10-28 19:23:37 +0000},
	Date-Modified = {2014-10-28 19:24:26 +0000},
	Journal = {arXiv:hep-ph/9709356v6},
	Month = {Sep},
	Title = {A Supersymmetry Primer},
	Year = {2011}}

@url{larsenf,
	Date-Added = {2014-10-28 19:23:14 +0000},
	Date-Modified = {2014-10-28 20:28:57 +0000},
	Title = {{http://www-personal.umich.edu/$\sim$larsenf/Lecture1.pdf}},
	Urldate = {http://www-personal.umich.edu/~larsenf/Lecture1.pdf}}

@article{Bilal,
	Author = {Adel Bilal},
	Date-Added = {2014-10-28 19:22:19 +0000},
	Date-Modified = {2014-10-28 19:23:02 +0000},
	Journal = {arXiv:hep-th/0101055v1},
	Month = {Jan},
	Title = {Introduction to Supersymmetry},
	Year = {2001}}

@article{arXiv:1006.1718v2,
	Author = {Palash B. Pal},
	Date-Added = {2014-10-28 19:20:43 +0000},
	Date-Modified = {2014-10-28 19:22:08 +0000},
	Journal = {arXiv:1006.1718v2 [hep-ph]},
	Month = {Oct},
	Title = {Dirac, Majorana and Weyl fermions},
	Year = {2010}}

@url{helicity,
	Date-Added = {2014-10-28 19:20:23 +0000},
	Date-Modified = {2014-10-28 20:19:37 +0000},
	Title = {http://commons.wikimedia.org/wiki/File:Right\_left\_helicity.svg},
	Urldate = {http://commons.wikimedia.org/wiki/File:Right\_left\_helicity.svg}}

@article{majorana,
	Author = {E. Majorana},
	Date-Added = {2014-10-28 19:19:10 +0000},
	Date-Modified = {2014-10-28 19:20:04 +0000},
	Journal = {Nuovo Cim},
	Pages = {171},
	Title = {Theory of the symmetry of electrons and positrons},
	Volume = {14},
	Year = {1937}}

@url{running_coupling_constants,
	Date-Added = {2014-10-28 19:17:49 +0000},
	Date-Modified = {2014-10-28 20:25:41 +0000},
	Title = {http://www.nobelprize.org/nobel\_prizes/physics/laureates/2004/phypub4highen.jpg},
	Urldate = {http://www.nobelprize.org/nobel_prizes/physics/laureates/2004/phypub4highen.jpg}}

@article{wess_and_zumino,
	Author = {Wess, J. and Zumino, B},
	Date-Added = {2014-10-28 19:15:05 +0000},
	Date-Modified = {2014-10-28 19:59:12 +0000},
	Journal = {Nuclear Physics B},
	Pages = {39},
	Title = {Supergauge transformations in four dimensions},
	Volume = {70},
	Year = {1974}}
